015277210 FMT L BK
015277210 LDR L 00000cam^a2200397^i^4500
015277210 001 L 015277210
015277210 005 L 20190121092143.0
015277210 008 L 190102s2017^^^^fi^||||^^m^^^^|0|^0|eng|c
015277210 020 L $$a978-951-51-3269-7$$qnidottu
015277210 040 L $$aFI-NL$$bfin$$erda
015277210 0410 L $$aeng$$bfin
015277210 042 L $$afinb
015277210 0801 L $$a32$$21974/fin/fennica$$9FENNI<KEEP>
015277210 0801 L $$a1$$21974/fin/fennica$$9FENNI<KEEP>
015277210 1001 L $$aKyllönen, Simo,$$d1970-$$ekirjoittaja.$$0(FIN11)000134065
015277210 24510 L $$aOur common tragedy? :$$bessays on political philosophy in the age of global ecological crisis and local conflicts /$$cSimo Kyllönen.
015277210 24630 L $$aEssays on political philosophy in the age of global ecological crisis and local conflicts
015277210 264 1 L $$aHelsinki :$$bUniversity of Helsinki,$$c2017.
015277210 264 3 L $$aHelsinki :$$bUnigrafia
015277210 300 L $$a67 sivua, 150 sivua useina numerointijaksoina :$$bkuvitettu ;$$c25 cm
015277210 336 L $$ateksti$$btxt$$2rdacontent
015277210 337 L $$akäytettävissä ilman laitetta$$bn$$2rdamedia
015277210 338 L $$anide$$bnc$$2rdacarrier
015277210 4901 L $$aPublications of the Faculty of Social Sciences,$$x2343-273X ;$$v57
015277210 500 L $$aArtikkeliväitöskirjan yhteenveto-osa ja 5 eripainosta.$$9FENNI<KEEP>
015277210 502 L $$aVäitöskirja :$$cHelsingin yliopisto, valtiotieteellinen tiedekunta,$$d2017.$$9FENNI<KEEP>
015277210 5203 L $$aEnglish abstract.
015277210 650 7 L $$apolitisk filosofi$$2allars
015277210 650 7 L $$amiljöproblem$$2allars
015277210 650 7 L $$ademokrati$$2allars
015277210 650 7 L $$abeslutsfattande$$2allars
015277210 650 7 L $$aberättigande$$2allars
015277210 650 7 L $$arättvisa$$2allars
015277210 650 7 L $$akontraktsteorier$$2allars
015277210 650 7 L $$aprinciper$$2allars
015277210 650 7 L $$apoliittinen filosofia$$2ysa$$9FENNI<KEEP>
015277210 650 7 L $$aympäristöongelmat$$2ysa$$9FENNI<KEEP>
015277210 650 7 L $$ademokratia$$2ysa$$9FENNI<KEEP>
015277210 650 7 L $$apäätöksenteko$$2ysa$$9FENNI<KEEP>
015277210 650 7 L $$aoikeutus$$2ysa$$9FENNI<KEEP>
015277210 650 7 L $$aoikeudenmukaisuus$$2ysa$$9FENNI<KEEP>
015277210 650 7 L $$asopimusteoriat$$2ysa$$9FENNI<KEEP>
015277210 650 7 L $$aperiaatteet$$2ysa$$9FENNI<KEEP>
015277210 7102 L $$aHelsingin yliopisto.$$bValtiotieteellinen tiedekunta.
015277210 77608 L $$iVerkkoaineisto (yhteenveto-osa, PDF):$$z978-951-51-3270-3$$9FENNI<KEEP>
015277210 830 0 L $$aValtiotieteellisen tiedekunnan julkaisuja,$$x2343-273X ;$$v57.
015277210 85641 L $$3Yhteenveto-osa$$uhttp://urn.fi/URN:ISBN:978-951-51-3270-3
015277210 CAT L $$aFENNI40010$$b30$$c20190102$$lFIN01$$h1210
015277210 CAT L $$aFENNI40012$$b30$$c20190111$$lFIN01$$h1549
015277210 CAT L $$aABO4004$$b30$$c20190121$$lFIN01$$h0921
015277210 901 L $$aMU20190111$$5FENNI
015277210 LOW L $$aFENNI
015277210 LOW L $$aALMA
