015277215 FMT L BK
015277215 LDR L 00000cam^a22006135i^4500
015277215 001 L 015277215
015277215 005 L 20190103154457.0
015277215 007 L cr^||^||||||||
015277215 008 L 190102s2017^^^^fi^||||^om^^^^|0|^0|eng|^
015277215 020 L $$a978-951-51-3270-3$$qPDF
015277215 040 L $$aFI-NL$$bfin$$erda
015277215 0410 L $$aeng$$bfin
015277215 042 L $$afinb
015277215 1001 L $$aKyllönen, Simo,$$d1970-$$ekirjoittaja.$$0(FIN11)000134065
015277215 24510 L $$aOur common tragedy? :$$bessays on political philosophy in the age of global ecological crisis and local conflicts /$$cSimo Kyllönen.
015277215 264 1 L $$aHelsinki :$$bUniversity of Helsinki,$$c2017.
015277215 300 L $$a1 verkkoaineisto (67 sivua) :$$bkuvitettu
015277215 336 L $$ateksti$$btxt$$2rdacontent
015277215 337 L $$atietokonekäyttöinen$$bc$$2rdamedia
015277215 338 L $$averkkoaineisto$$bcr$$2rdacarrier
015277215 4901 L $$aPublications of the Faculty of Social Sciences,$$x2343-2748 ;$$v57 (2017)
015277215 500 L $$aArtikkeliväitöskirjan yhteenveto-osa.$$9FENNI<KEEP>
015277215 502 L $$aVäitöskirja :$$cHelsingin yliopisto, valtiotieteellinen tiedekunta,$$d2017.$$9FENNI<KEEP>
015277215 5061 L $$aAineisto on käytettävissä vapaakappalekirjastoissa.$$fOnline access with authorization.$$2star$$5FI-NL$$9FENNI<KEEP>
015277215 520 L $$aTiivistelmä.$$9FENNI<KEEP>
015277215 530 L $$aJulkaistu myös painettuna.$$9FENNI<KEEP>
015277215 540 L $$aAineisto on käytettävissä tutkimus- ja muihin tarkoituksiin;$$bKansalliskirjasto;$$cLaki kulttuuriaineistojen tallettamisesta ja säilyttämisestä$$uhttp://www.finlex.fi/fi/laki/ajantasa/2007/20071433$$5FI-NL$$9FENNI<KEEP>
015277215 77608 L $$iPainettu:$$z978-951-51-3269-7$$9FENNI<KEEP>
015277215 830 0 L $$aValtiotieteellisen tiedekunnan julkaisuja,$$x2343-2748 ;$$v57.
015277215 85640 L $$uhttp://urn.fi/URN:ISBN:978-951-51-3270-3$$yLinkki verkkoaineistoon
015277215 CAT L $$aFENNI40010$$b30$$c20190102$$lFIN01$$h1222
015277215 CAT L $$aFENNI40010$$b30$$c20190103$$lFIN01$$h1544
015277215 901 L $$aSU2019$$5FENNI
015277215 LOW L $$aFENNI
