015281440 FMT L BK
015281440 LDR L 00000cam^a22^^^^^^i^4500
015281440 001 L 015281440
015281440 005 L 20190118140223.0
015281440 008 L 190108s2017^^^^fi^||||^^m^^^^|0|^0|eng|^
015281440 020 L $$a978-952-225-161-9$$qnidottu
015281440 040 L $$aFI-NL$$bfin$$erda
015281440 0410 L $$aeng
015281440 042 L $$afinb
015281440 0801 L $$a619$$21974/fin/fennica$$9FENNI<KEEP>
015281440 0801 L $$a57$$21974/fin/fennica$$9FENNI<KEEP>
015281440 1001 L $$aNokireki, Tiina,$$d1970-$$ekirjoittaja.$$0(FIN11)000101911
015281440 24510 L $$aEuropean bat lyssavirus type 2 in Finland :$$bsurveillance, evolutionary analysis, and prevention with vaccination /$$cTiina Nokireki.
015281440 264 1 L $$aHelsinki :$$bFinnish Food Safety Authority Evira,$$c2017.
015281440 264 3 L $$aHelsinki :$$bUnigrafia
015281440 300 L $$a75 sivua, 37 sivua useina numerointijaksoina :$$bkuvitettu ;$$c25 cm
015281440 336 L $$ateksti$$btxt$$2rdacontent
015281440 337 L $$akäytettävissä ilman laitetta$$bn$$2rdamedia
015281440 338 L $$anide$$bnc$$2rdacarrier
015281440 4901 L $$aEvira research reports,$$x1796-4660 ;$$v1/2017
015281440 500 L $$aArtikkeliväitöskirjan yhteenveto-osa ja 4 eripainosta.$$9FENNI<KEEP>
015281440 500 L $$aNimiösivulla myös: Virology Research Unit, Finnish Food Safety Authority Evira, Helsinki, Finland and Department of Veterinary Biosciences, Faculty of Veterinary Medicine, University of Helsinki.$$9FENNI<KEEP>
015281440 502 L $$aVäitöskirja :$$cHelsingin yliopisto, eläinlääketieteellinen tiedekunta,$$d2017.$$9FENNI<KEEP>
015281440 650 7 L $$alepakot$$2ysa$$9FENNI<KEEP>
015281440 650 7 L $$araivotauti$$2ysa$$9FENNI<KEEP>
015281440 650 7 L $$aviruket$$2ysa$$9FENNI<KEEP>
015281440 77608 L $$iVerkkoaineisto (yhteenveto-osa, PDF):$$z978-952-225-162-6$$9FENNI<KEEP>
015281440 830 0 L $$aEvira research reports,$$x1796-4660 ;$$v2017, 1.
015281440 85641 L $$3Yhteenveto-osa$$uhttp://urn.fi/URN:ISBN:978-952-225-162-6
015281440 CAT L $$aFENNI40010$$b30$$c20190108$$lFIN01$$h1507
015281440 CAT L $$aFENNI40012$$b30$$c20190118$$lFIN01$$h1402
015281440 901 L $$aMU20190118$$5FENNI
015281440 LOW L $$aFENNI
