015281443 FMT L BK
015281443 LDR L 00000cam^a22^^^^^^i^4500
015281443 001 L 015281443
015281443 005 L 20190121120440.0
015281443 008 L 190108s2017^^^^fi^||||^^m^^^^|0|^0|eng|^
015281443 020 L $$a978-952-225-163-3$$qnidottu
015281443 040 L $$aFI-NL$$bfin$$erda
015281443 0410 L $$aeng
015281443 042 L $$afinb
015281443 0801 L $$a57$$21974/fin/fennica$$9FENNI<KEEP>
015281443 0801 L $$a58$$21974/fin/fennica$$9FENNI<KEEP>
015281443 1001 L $$aJonsson, Martina,$$d1969-$$ekirjoittaja.$$0(FIN11)000184666
015281443 24514 L $$aThe toxicity of Fusarium mycotoxins enniatin and moniliformin /$$cMartina Jonsson.
015281443 264 1 L $$aHelsinki :$$bFinnish Food Safety Authority Evira,$$c2017.
015281443 264 3 L $$aHelsinki :$$bUnigrafia
015281443 300 L $$a70 sivua, 28 sivua useina numerointijaksoina :$$bkuvitettu ;$$c25 cm
015281443 336 L $$ateksti$$btxt$$2rdacontent
015281443 337 L $$akäytettävissä ilman laitetta$$bn$$2rdamedia
015281443 338 L $$anide$$bnc$$2rdacarrier
015281443 4901 L $$aEvira research reports,$$x1796-4660 ;$$v2/2017
015281443 500 L $$aArtikkeliväitöskirjan yhteenveto-osa ja 3 eripainosta.$$9FENNI<KEEP>
015281443 500 L $$aNimiösivulla myös: Finnish Food Safety Authority, Evira, Research and Laboratory Services Department, Chemistry Research Unit, Helsinki, Finland and Division of General Microbiology, Department of Biosciences, Faculty of Biological and Environmental Sciences, University of Helsinki, Finland.$$9FENNI<KEEP>
015281443 502 L $$aVäitöskirja :$$cHelsingin yliopisto, bio- ja ympäristötieteellinen tiedekunta, biotieteiden laitos,$$d2017.$$9FENNI<KEEP>
015281443 650 7 L $$ahomesienet$$2ysa$$9FENNI<KEEP>
015281443 650 7 L $$amykotoksiinit$$2ysa$$9FENNI<KEEP>
015281443 650 7 L $$amyrkyllisyys$$2ysa$$9FENNI<KEEP>
015281443 77608 L $$iVerkkoaineisto (yhteenveto-osa, PDF):$$z978-952-225-164-0$$9FENNI<KEEP>
015281443 830 0 L $$aEvira research reports,$$x1796-4660 ;$$v2017, 2.
015281443 85641 L $$3Yhteenveto-osa$$uhttp://urn.fi/URN:ISBN:978-952-225-164-0
015281443 CAT L $$aFENNI40010$$b30$$c20190108$$lFIN01$$h1515
015281443 CAT L $$aFENNI40012$$b30$$c20190118$$lFIN01$$h1348
015281443 CAT L $$aFENNI4004$$b30$$c20190121$$lFIN01$$h1204
015281443 901 L $$aMU20190118$$5FENNI
015281443 LOW L $$aFENNI
