015281457 FMT L BK
015281457 LDR L 00000cam^a2200373^i^4500
015281457 001 L 015281457
015281457 005 L 20190215095923.0
015281457 008 L 190108s2017^^^^fi^||||^^m^^^^|0|^0|eng|c
015281457 020 L $$a978-951-51-3265-9$$qnidottu
015281457 040 L $$aFI-NL$$bfin$$erda
015281457 0410 L $$aeng$$bfin
015281457 042 L $$afinb
015281457 0801 L $$a339.96$$21974/fin/fennica$$9FENNI<KEEP>
015281457 0801 L $$a551.5$$21974/fin/fennica$$9FENNI<KEEP>
015281457 1001 L $$aMayer, Minna,$$d1983-$$ekirjoittaja.$$0(FIN11)000189239
015281457 24510 L $$a"They come from above" :$$bexploring Finnish development cooperation in the field of meteorology, 1968-2015 /$$cMinna Mayer.
015281457 24630 L $$aExploring Finnish development cooperation in the field of meteorology, 1968-2015
015281457 264 1 L $$aHelsinki :$$bUniversity of Helsinki,$$c2017.
015281457 264 3 L $$aHelsinki :$$bUnigrafia
015281457 300 L $$a284 sivua :$$bkuvitettu, karttoja ;$$c25 cm
015281457 336 L $$ateksti$$btxt$$2rdacontent
015281457 337 L $$akäytettävissä ilman laitetta$$bn$$2rdamedia
015281457 338 L $$anide$$bnc$$2rdacarrier
015281457 4901 L $$aPublications of the Faculty of Social Sciences,$$x2343-273X ;$$v55 (2017)
015281457 502 L $$aVäitöskirja :$$cHelsingin yliopisto, valtiotieteellinen tiedekunta, politiikan ja talouden tutkimuksen laitos,$$d2017.$$9FENNI<KEEP>
015281457 520 L $$aAbstrakti.$$9FENNI<KEEP>
015281457 567 L $$btapaustutkimus$$2ysa$$9FENNI<KEEP>
015281457 567 L $$bsisällönananlyysi$$2ysa$$9FENNI<KEEP>
015281457 650 7 L $$abiståndsarbete$$2allars
015281457 650 7 L $$akomplexitetsteori$$2allars
015281457 650 7 L $$ameterologi$$2allars
015281457 650 7 L $$aklimatförändringar$$2allars
015281457 650 7 L $$amakt$$2allars
015281457 650 7 L $$aägarskap$$2allars
015281457 650 7 L $$apersonbolag$$2allars
015281457 650 7 L $$akehitysyhteistyö$$2ysa$$9FENNI<KEEP>
015281457 650 7 L $$aprojektit$$2ysa$$9FENNI<KEEP>
015281457 650 7 L $$akompleksisuusteoria$$2ysa
015281457 650 7 L $$ameteorologia$$2ysa$$9FENNI<KEEP>
015281457 650 7 L $$ailmastonmuutokset$$2ysa
015281457 650 7 L $$avalta$$2ysa
015281457 650 7 L $$aomistajuus$$2ysa
015281457 650 7 L $$ahenkilöyhtiöt$$2ysa
015281457 650 7 L $$akehityspolitiikka$$2ysa$$9FENNI<KEEP>
015281457 651 7 L $$aSuomi$$2ysa$$9FENNI<KEEP>
015281457 653 L $$adevelopment cooperation
015281457 653 L $$adevelopment aid
015281457 653 L $$acomplexity theory
015281457 653 L $$ameterology
015281457 653 L $$aclimate change
015281457 653 L $$acapacity development
015281457 653 L $$agovernmentality
015281457 653 L $$apower
015281457 653 L $$asustainability
015281457 653 L $$aownership
015281457 653 L $$apublic-private partnerships
015281457 7102 L $$aHelsingin yliopisto.$$bValtiotieteellinen tiedekunta.
015281457 77608 L $$iVerkkoaineisto (PDF):$$z978-951-51-3266-6$$9FENNI<KEEP>
015281457 830 0 L $$aValtiotieteellisen tiedekunnan julkaisuja,$$x2343-273X ;$$v55.
015281457 85641 L $$uhttp://urn.fi/URN:ISBN:978-951-51-3266-6$$yLinkki verkkoaineistoon
015281457 CAT L $$aFENNI40010$$b30$$c20190108$$lFIN01$$h1539
015281457 CAT L $$aABO4004$$b30$$c20190121$$lFIN01$$h0854
015281457 CAT L $$aFENNI40012$$b30$$c20190121$$lFIN01$$h1046
015281457 CAT L $$aFENNI4004$$b30$$c20190215$$lFIN01$$h0959
015281457 901 L $$aMU20190121$$5FENNI
015281457 LOW L $$aFENNI
015281457 LOW L $$aALMA
015281457 LOW L $$aVOLTE
