015281653 FMT L BK
015281653 LDR L 00000cam^a2200337^i^4500
015281653 001 L 015281653
015281653 005 L 20190218092135.0
015281653 008 L 190109s2017^^^^fi^||||^^m^^^^|0|^0|eng|c
015281653 020 L $$a978-952-5457-43-8$$qnidottu
015281653 040 L $$aFI-NL$$bfin$$erda
015281653 0410 L $$aeng
015281653 042 L $$afinb
015281653 0801 L $$a57$$21974/fin/fennica$$9FENNI<KEEP>
015281653 1001 L $$aKilpinen, Lotta,$$d1982-$$ekirjoittaja.$$0(FIN11)000189278
015281653 24514 L $$aThe impact of membrane phospholipid composition and extracellular vesicles on the immunoregulative properties of human mesenchymal stromal cells /$$cLotta Kilpinen.
015281653 264 1 L $$aHelsinki :$$bFinnish Red Cross Blood Service,$$c2017.
015281653 264 3 L $$aHelsinki :$$bUnigrafia
015281653 300 L $$a85 sivua, 47 sivua useina numerointijaksoina :$$bkuvitettu ;$$c25 cm
015281653 336 L $$ateksti$$btxt$$2rdacontent
015281653 337 L $$akäytettävissä ilman laitetta$$bn$$2rdamedia
015281653 338 L $$anide$$bnc$$2rdacarrier
015281653 4901 L $$aAcademic dissertations from the Finnish Red Cross Blood Service,$$x1236-0341 ;$$vnumber 62
015281653 500 L $$aArtikkeliväitöskirjan yhteenveto-osa ja 3 eripainosta.$$9FENNI<KEEP>
015281653 502 L $$aVäitöskirja :$$cHelsingin yliopisto, bio- ja ympäristötieteellinen tiedekunta, biotieteiden laitos,$$d2017.$$9FENNI<KEEP>
015281653 5203 L $$aEnglish abstract.
015281653 650 7 L $$astamceller$$2allars
015281653 650 7 L $$akantasolut$$2ysa$$9FENNI<KEEP>
015281653 7102 L $$aSuomen Punainen Risti.$$bVeripalvelu.
015281653 7102 L $$aHelsingin yliopisto.$$bBio- ja ympäristötieteellinen tiedekunta.
015281653 77608 L $$iVerkkoaineisto (yhteenveto-osa, PDF):$$z978-952-5457-44-5$$9FENNI<KEEP>
015281653 830 0 L $$aAcademic dissertations from The Finnish Red Cross Blood Transfusion Service,$$x1236-0341 ;$$vno 62.
015281653 85641 L $$3Yhteenveto-osa$$uhttp://urn.fi/URN:ISBN:978-952-5457-44-5
015281653 CAT L $$aFENNI40010$$b30$$c20190109$$lFIN01$$h1023
015281653 CAT L $$aFENNI40010$$b30$$c20190109$$lFIN01$$h1023
015281653 CAT L $$aFENNI40010$$b30$$c20190109$$lFIN01$$h1025
015281653 CAT L $$aFENNI40012$$b30$$c20190121$$lFIN01$$h1146
015281653 CAT L $$aFENNI40012$$b30$$c20190121$$lFIN01$$h1146
015281653 CAT L $$aABO4004$$b30$$c20190128$$lFIN01$$h1227
015281653 CAT L $$aFENNI4004$$b30$$c20190218$$lFIN01$$h0921
015281653 901 L $$aMU20190121$$5FENNI
015281653 LOW L $$aFENNI
015281653 LOW L $$aALMA
