015281848 FMT L BK
015281848 LDR L 00000cam^a2200337^i^4500
015281848 001 L 015281848
015281848 005 L 20190218084722.0
015281848 008 L 190109s2017^^^^fi^||||^^m^^^^|0|^0|eng|c
015281848 020 L $$a978-951-51-2919-2$$qnidottu
015281848 040 L $$aFI-NL$$bfin$$erda
015281848 0410 L $$aeng
015281848 042 L $$afinb
015281848 0801 L $$a556$$21974/fin/fennica$$9FENNI<KEEP>
015281848 0801 L $$a711$$21974/fin/fennica$$9FENNI<KEEP>
015281848 1001 L $$aTaka, Maija,$$d1985-$$ekirjoittaja.$$0(FIN11)000189275
015281848 24510 L $$aKey drivers of stream water quality along urban-rural transition :$$ba watershed-scale perspective /$$cMaija Taka.
015281848 24630 L $$aWatershed-scale perspective
015281848 264 1 L $$aHelsinki :$$bUniversity of Helsinki$$c2017.
015281848 264 3 L $$aTurku :$$bPainosalama Oy
015281848 300 L $$a57 sivua, 61 sivua useina numerointijaksoina :$$bkuvitettu, karttoja ;$$c25 cm
015281848 336 L $$ateksti$$btxt$$2rdacontent
015281848 337 L $$akäytettävissä ilman laitetta$$bn$$2rdamedia
015281848 338 L $$anide$$bnc$$2rdacarrier
015281848 4901 L $$aDepartment of Geosciences and Geography. A,$$x1798-7911 ;$$v48
015281848 500 L $$aArtikkeliväitöskirjan yhteenveto-osa ja 4 eripainosta.$$9FENNI<KEEP>
015281848 502 L $$aVäitöskirja :$$cHelsingin yliopisto, matemaattis-luonnontieteellinen tiedekunta, geotieteiden ja maantieteen laitos,$$d2017.$$9FENNI<KEEP>
015281848 5203 L $$aEnglish abstract.
015281848 650 7 L $$asamhällsplanering (lokalsamhället)$$2allars
015281848 650 7 L $$astadsregioner$$2allars
015281848 650 7 L $$avattendelare$$2allars
015281848 650 7 L $$avattenkvalitet$$2allars
015281848 650 7 L $$avatten och avlopp$$2allars
015281848 650 7 L $$avirtavedet$$2ysa$$9FENNI<KEEP>
015281848 650 7 L $$ahulevesi$$2ysa$$9FENNI<KEEP>
015281848 650 7 L $$avedenlaatu$$2ysa$$9FENNI<KEEP>
015281848 650 7 L $$ayhdyskuntasuunnittelu$$2ysa
015281848 650 7 L $$amaankäyttö$$2ysa$$9FENNI<KEEP>
015281848 650 7 L $$akaupunkiseudut$$2ysa$$9FENNI<KEEP>
015281848 650 7 L $$avedenjakajat$$2ysa$$9FENNI<KEEP>
015281848 650 7 L $$avesihuolto$$2ysa
015281848 650 7 L $$avaluma-alueet$$2ysa$$9FENNI<KEEP>
015281848 651 7 L $$aHelsingfors$$2allars
015281848 651 7 L $$aHelsinki$$2ysa$$9FENNI<KEEP>
015281848 7102 L $$aHelsingin yliopisto.$$bMatemaattis-luonnontieteellinen tiedekunta.$$bGeotieteiden ja maantieteen laitos.
015281848 77608 L $$iVerkkoaineisto (yhteenveto-osa, PDF):$$z978-951-51-2920-8$$9FENNI<KEEP>
015281848 830 0 L $$aDepartment of Geosciences and Geography.$$nA,$$x1798-7911 ;$$v48.
015281848 85641 L $$3Yhteenveto-osa$$uhttp://urn.fi/URN:ISBN:978-951-51-2920-8
015281848 CAT L $$aFENNI40010$$b30$$c20190109$$lFIN01$$h1226
015281848 CAT L $$aABO4004$$b30$$c20190121$$lFIN01$$h1046
015281848 CAT L $$aFENNI40012$$b30$$c20190121$$lFIN01$$h1356
015281848 CAT L $$aFENNI40012$$b30$$c20190121$$lFIN01$$h1356
015281848 CAT L $$aFENNI4004$$b30$$c20190218$$lFIN01$$h0847
015281848 901 L $$aMU20190121$$5FENNI
015281848 LOW L $$aFENNI
015281848 LOW L $$aALMA
015281848 LOW L $$aVOLTE
