015281854 FMT L BK
015281854 LDR L 00000cam^a2200337^i^4500
015281854 001 L 015281854
015281854 005 L 20190218084721.0
015281854 008 L 190109s2017^^^^fi^||||^^m^^^^|0|^0|eng|c
015281854 020 L $$a978-951-51-2929-1$$qnidottu
015281854 035 L $$a(FI-MELINDA)015281854
015281854 040 L $$aFI-NL$$bfin$$erda
015281854 0410 L $$aeng
015281854 042 L $$afinb
015281854 0801 L $$a551.5$$21974/fin/fennica$$9FENNI<KEEP>
015281854 1001 L $$aTaka, Maija,$$d1985-$$ekirjoittaja.$$0(FIN11)000189275
015281854 24510 L $$aHolocene temperature trends in the Northern Hemisphere extratropics /$$cYurui Zhang.
015281854 264 1 L $$aHelsinki :$$bUniversity of Helsinki$$c2017.
015281854 264 3 L $$aTurku :$$bPainosalama Oy
015281854 300 L $$a45 sivua, 98 sivua useina numerointijaksoina :$$bkuvitettu, karttoja ;$$c25 cm
015281854 336 L $$ateksti$$btxt$$2rdacontent
015281854 337 L $$akäytettävissä ilman laitetta$$bn$$2rdamedia
015281854 338 L $$anide$$bnc$$2rdacarrier
015281854 4901 L $$aDepartment of Geosciences and Geography. A,$$x1798-7911 ;$$v53
015281854 500 L $$aArtikkeliväitöskirjan yhteenveto-osa ja 4 eripainosta.$$9FENNI<KEEP>
015281854 502 L $$aVäitöskirja :$$cHelsingin yliopisto, matemaattis-luonnontieteellinen tiedekunta, geotieteiden ja maantieteen laitos,$$d2017.$$9FENNI<KEEP>
015281854 5203 L $$aEnglish abstract.
015281854 650 7 L $$ageofysik$$2allars
015281854 650 7 L $$aklimatperioder$$2allars
015281854 650 7 L $$aholocen$$2allars
015281854 650 7 L $$atemperatur$$2allars
015281854 650 7 L $$ageofysiikka$$2ysa$$9FENNI<KEEP>
015281854 650 7 L $$apaleoklimatologia$$2ysa$$9FENNI<KEEP>
015281854 650 7 L $$ailmastokaudet$$2ysa$$9FENNI<KEEP>
015281854 650 7 L $$aholoseeni$$2ysa$$9FENNI<KEEP>
015281854 650 7 L $$alämpötila$$2ysa$$9FENNI<KEEP>
015281854 650 7 L $$ailmasto$$2ysa$$9FENNI<KEEP>
015281854 651 7 L $$aNorra halvklotet$$2allars
015281854 651 7 L $$aPohjoinen pallonpuolisko$$2ysa
015281854 7102 L $$aHelsingin yliopisto.$$bMatemaattis-luonnontieteellinen tiedekunta.$$bGeotieteiden ja maantieteen laitos.
015281854 77608 L $$iVerkkoaineisto (yhteenveto-osa, PDF):$$z978-951-51-2930-7$$9FENNI<KEEP>
015281854 830 0 L $$aDepartment of Geosciences and Geography.$$nA,$$x1798-7911 ;$$v53.
015281854 85641 L $$3Yhteenveto-osa$$uhttp://urn.fi/URN:ISBN:978-951-51-2929-1
015281854 CAT L $$aFENNI40010$$b30$$c20190109$$lFIN01$$h1233
015281854 CAT L $$aABO4004$$b30$$c20190121$$lFIN01$$h1210
015281854 CAT L $$aFENNI40012$$b30$$c20190121$$lFIN01$$h1442
015281854 CAT L $$aFENNI40012$$b30$$c20190121$$lFIN01$$h1448
015281854 CAT L $$aFENNI4004$$b30$$c20190218$$lFIN01$$h0841
015281854 CAT L $$aCARETAKER$$b30$$c20190218$$lFIN01$$h0847
015281854 CAT L $$aCARETAKER$$b30$$c20190218$$lFIN01$$h0847
015281854 901 L $$aMU20190121$$5FENNI
015281854 LOW L $$aFENNI
015281854 LOW L $$aALMA
