015284494 FMT L BK
015284494 LDR L 00000cam^a22010934i^4500
015284494 001 L 015284494
015284494 005 L 20190121123626.0
015284494 008 L 190111s2012^^^^fi^^^^^^^m^^^^000^0^eng^c
015284494 015 L $$afx1030079$$2skl
015284494 020 L $$a978-952-60-4955-7$$qnidottu
015284494 027 L $$aAALTO-DD-181/2012
015284494 027 L $$aAALTO-DISS-361
015284494 035 L $$z(FI-MELINDA)006131046
015284494 035 L $$z(FI-MELINDA)006409327
015284494 035 L $$a(FI-MELINDA)015284494
015284494 040 L $$aFI-NL
015284494 0410 L $$aeng$$bfin
015284494 042 L $$afinb
015284494 072 7 L $$a75.2$$2kkaa
015284494 080 L $$a658$$21974/fin/fennica$$9FENNI<KEEP>
015284494 080 L $$a658$$9FENNI<KEEP>
015284494 084 L $$a65joh$$2uef
015284494 1001 L $$aAnttonen, Markku.
015284494 24510 L $$aEco-efficient services as a route towards sustainable development :$$bbetween the traditional and the radical /$$cMarkku Anttonen.
015284494 260 L $$aEspoo :$$bAalto University, School of Business, Department of Management and International Business, Corporate Responsibility Research Group,$$c2012$$e(Helsinki :$$fUnigrafia)
015284494 300 L $$a76, [68] sivua :$$bkuvitettu ;$$c25 cm
015284494 336 L $$ateksti$$btxt$$2rdacontent
015284494 337 L $$akäytettävissä ilman laitetta$$bn$$2rdamedia
015284494 338 L $$anide$$bnc$$2rdacarrier
015284494 4901 L $$aAalto University publication series. Doctoral dissertations,$$x1799-4934 ;$$v181/2012
015284494 500 L $$aArtikkeliväitöskirjan yhteenveto-osa ja 4 eripainosta.$$9FENNI<KEEP>
015284494 502 L $$aVäitöskirja :$$cEspoo : Aalto-yliopisto.$$9FENNI<KEEP>
015284494 520 L $$aTiivistelmä: Ekotehokkailla palvelumalleilla kohti kestävää kehitystä : radikaalin ja perinteisen liiketoiminnan välimaastossa.$$9FENNI<KEEP>
015284494 530 L $$aJulkaistu myös verkkoaineistona.$$9FENNI<KEEP>
015284494 530 L $$aJulkaistu myös verkkoaineistona ISBN 978-952-60-4956-4 (PDF)$$9FENNI<KEEP>
015284494 583 L $$aMERGED FROM (FI-MELINDA)006409327 + (FI-MELINDA)006131046$$c2019-01-11T17:16:58+02:00$$5MELINDA
015284494 650 7 L $$aasiakkaat$$2ysa$$9FENNI<KEEP>
015284494 650 7 L $$aekotehokkuus$$2ysa$$9FENNI<KEEP>
015284494 650 7 L $$akestävä kehitys$$2ysa$$9FENNI<KEEP>
015284494 650 7 L $$aliiketoimintamallit$$2ysa$$9FENNI<KEEP>
015284494 650 7 L $$apalvelut$$2ysa$$9FENNI<KEEP>
015284494 650 7 L $$aympäristötalous$$2ysa$$9FENNI<KEEP>
015284494 650 7 L $$aekoeffektivitet$$2allars
015284494 650 7 L $$aekologi$$2allars
015284494 650 7 L $$aföretagsekonomi$$2allars
015284494 650 7 L $$ahållbar utveckling$$2allars
015284494 650 7 L $$akunder$$2allars
015284494 650 7 L $$amiljöekonomi$$2allars
015284494 650 7 L $$amodeller$$2allars
015284494 650 7 L $$aservice$$2allars
015284494 650 7 L $$aasiakkaat$$2helecon
015284494 650 7 L $$abusiness economics$$2helecon
015284494 650 7 L $$acustomers$$2helecon
015284494 650 7 L $$aecology$$2helecon
015284494 650 7 L $$aekologia$$2helecon
015284494 650 7 L $$aenvironmental economics$$2helecon
015284494 650 7 L $$akestävä kehitys$$2helecon
015284494 650 7 L $$aliiketalous$$2helecon
015284494 650 7 L $$amallit$$2helecon
015284494 650 7 L $$amodels$$2helecon
015284494 650 7 L $$apalvelut$$2helecon
015284494 650 7 L $$aservice$$2helecon
015284494 650 7 L $$asustainable development$$2helecon
015284494 650 7 L $$aympäristötalous$$2helecon
015284494 7102 L $$aAalto-yliopisto.$$bKauppakorkeakoulu.$$bJohtamisen ja kansainvälisen liiketoiminnan laitos.$$9FENNI<DROP>
015284494 77608 L $$iVerkkoaineisto (PDF):$$z978-952-60-4956-4$$9FENNI<KEEP>
015284494 830 0 L $$aAalto University publication series.$$pDoctoral dissertations,$$x1799-4934 ;$$v181/2012.
015284494 85641 L $$uhttp://urn.fi/URN:ISBN:978-952-60-4956-4$$yLinkki verkkoaineistoon$$9ALLI<DROP>
015284494 SID L $$cFCC006131046$$balli
015284494 SID L $$cFCC006131046$$balma
015284494 SID L $$cFCC006131046$$bfenni
015284494 SID L $$cFCC006131046$$bhanna
015284494 SID L $$cFCC006131046$$bjosku
015284494 SID L $$cFCC006409327$$bjykdo
015284494 SID L $$cFCC006131046$$boula
015284494 SID L $$cFCC006131046$$bvaari
015284494 SID L $$cFCC006409327$$bvolte
015284494 SID L $$cFCC006131046$$bwilma
015284494 SID L $$c222324$$bxamk
015284494 CAT L $$aXAMK1002$$b30$$c20190111$$lFIN01$$h1729
015284494 CAT L $$aXAMK1002$$b30$$c20190111$$lFIN01$$h1735
015284494 CAT L $$aLOAD-FIX$$b30$$c20190121$$lFIN01$$h1236
015284494 901 L $$aMU20131016$$5FENNI
015284494 LOW L $$aALLI
015284494 LOW L $$aALMA
015284494 LOW L $$aFENNI
015284494 LOW L $$aHANNA
015284494 LOW L $$aJOSKU
015284494 LOW L $$aJYKDO
015284494 LOW L $$aOULA
015284494 LOW L $$aVAARI
015284494 LOW L $$aVOLTE
015284494 LOW L $$aWILMA
015284494 LOW L $$aXAMK
