015287019 FMT L BK
015287019 LDR L 00000cam^a2200229^i^4500
015287019 001 L 015287019
015287019 005 L 20190215133951.0
015287019 008 L 190116s2017^^^^fi^||||^^m^^^^|0|^0|eng|c
015287019 020 L $$a978-951-51-2769-3$$qnidottu
015287019 040 L $$aFI-NL$$bfin$$erda
015287019 0410 L $$aeng
015287019 042 L $$afinb
015287019 0801 L $$a53$$21974/fin/fennica$$9FENNI<KEEP>
015287019 1001 L $$aRen, Wei,$$d1989-$$ekirjoittaja.$$0(FIN11)000189265
015287019 24510 L $$aMechanisms of ion beam modification of nanowires and nanotubes /$$cWei Ren.
015287019 264 1 L $$aHelsinki :$$bUniversity of Helsinki,$$c2017.
015287019 264 3 L $$aHelsinki :$$bUnigrafia
015287019 300 L $$aIV, 62 sivua, 30 sivua useina numerointijaksoina :$$bkuvitettu ;$$c25 cm
015287019 336 L $$ateksti$$btxt$$2rdacontent
015287019 337 L $$akäytettävissä ilman laitetta$$bn$$2rdamedia
015287019 338 L $$anide$$bnc$$2rdacarrier
015287019 4901 L $$aReport series in physics / University of Helsinki,$$x0356-0961 ;$$vHU-P-D250
015287019 500 L $$aArtikkeliväitöskirjan yhteenveto-osa ja 4 eripainosta.$$9FENNI<KEEP>
015287019 502 L $$aVäitöskirja :$$cHelsingin yliopisto, matemaattis-luonnontieteellinen tiedekunta, fysiikan laitos,$$d2017.$$9FENNI<KEEP>
015287019 5203 L $$aEnglish abstract.
015287019 5203 L $$aSummary.
015287019 530 L $$aYhteenveto-osa julkaistu myös verkkoaineistona.$$9FENNI<KEEP>
015287019 650 7 L $$afysik$$2allars
015287019 650 7 L $$ananostrukturer$$2allars
015287019 650 7 L $$ananomaterial$$2allars
015287019 650 7 L $$ananorör$$2allars
015287019 650 7 L $$ajoniserande strålning$$2allars
015287019 650 7 L $$afysiikka$$2ysa$$9FENNI<KEEP>
015287019 650 7 L $$ananorakenteet$$2ysa$$9FENNI<KEEP>
015287019 650 7 L $$ananomateriaalit$$2ysa$$9FENNI<KEEP>
015287019 650 7 L $$ananoputket$$2ysa$$9FENNI<KEEP>
015287019 650 7 L $$aionisoiva säteily$$2ysa$$9FENNI<KEEP>
015287019 7102 L $$aHelsingin yliopisto.$$bMatemaattis-luonnontieteellinen tiedekunta.$$0(FIN11)000009616
015287019 7102 L $$aHelsingin yliopisto.$$bFysiikan laitos.$$0(FIN11)000000901
015287019 7102 L $$aHelsingin yliopisto,$$ejulkaisija.$$0(FIN11)000038390
015287019 77608 L $$iVerkkoaineisto (yhteenveto-osa, PDF):$$z978-951-51-2770-9$$9FENNI<KEEP>
015287019 830 0 L $$aReport series in physics.$$nD / University of Helsinki, Department of Physics,$$x0356-0961 ;$$vno. 250.
015287019 85641 L $$3Yhteenveto-osa$$uhttp://urn.fi/URN:ISBN:978-951-51-2770-9
015287019 CAT L $$aFENNI40045$$b30$$c20190116$$lFIN01$$h1157
015287019 CAT L $$aFENNI40045$$b30$$c20190116$$lFIN01$$h1246
015287019 CAT L $$aFENNI40045$$b30$$c20190117$$lFIN01$$h0841
015287019 CAT L $$aABO4004$$b30$$c20190122$$lFIN01$$h1137
015287019 CAT L $$aFENNI4004$$b30$$c20190215$$lFIN01$$h1339
015287019 901 L $$aMU20190117$$5FENNI
015287019 LOW L $$aFENNI
015287019 LOW L $$aALMA
015287019 LOW L $$aVOLTE
