015287038 FMT L BK
015287038 LDR L 00000cam^a2200229^i^4500
015287038 001 L 015287038
015287038 005 L 20190215133632.0
015287038 008 L 190116s2017^^^^fi^||||^^m^^^^|0|^0|eng|c
015287038 020 L $$a978-951-51-2773-0$$qnidottu
015287038 040 L $$aFI-NL$$bfin$$erda
015287038 0410 L $$aeng
015287038 042 L $$afinb
015287038 0801 L $$a53$$21974/fin/fennica$$9FENNI<KEEP>
015287038 1001 L $$aTiermas, Marko,$$d1967-$$ekirjoittaja.$$0(FIN11)000189264
015287038 24510 L $$aModelling the twin-cam compoud bow /$$cMarko Tiermas.
015287038 264 1 L $$aHelsinki :$$bUniversity of Helsinki,$$c2017.
015287038 264 3 L $$aHelsinki :$$bUnigrafia
015287038 300 L $$avi, 25 sivua, 35 sivua useina numerointijaksoina :$$bkuvitettu ;$$c25 cm
015287038 336 L $$ateksti$$btxt$$2rdacontent
015287038 337 L $$akäytettävissä ilman laitetta$$bn$$2rdamedia
015287038 338 L $$anide$$bnc$$2rdacarrier
015287038 4901 L $$aReport series in physics / University of Helsinki,$$x0356-0961 ;$$vHU-P-D252
015287038 500 L $$aArtikkeliväitöskirjan yhteenveto-osa ja 4 eripainosta.$$9FENNI<KEEP>
015287038 502 L $$aVäitöskirja :$$cHelsingin yliopisto, matemaattis-luonnontieteellinen tiedekunta, fysiikan laitos,$$d2017.$$9FENNI<KEEP>
015287038 5203 L $$aEnglish summary.
015287038 530 L $$aYhteenveto-osa julkaistu myös verkkoaineistona.$$9FENNI<KEEP>
015287038 650 7 L $$afysik$$2allars
015287038 650 7 L $$apilbågar$$2allars
015287038 650 7 L $$astatik$$2allars
015287038 650 7 L $$afysiikka$$2ysa$$9FENNI<KEEP>
015287038 650 7 L $$ajouset$$2ysa$$9FENNI<KEEP>
015287038 650 7 L $$astatiikka$$2ysa$$9FENNI<KEEP>
015287038 7102 L $$aHelsingin yliopisto.$$bMatemaattis-luonnontieteellinen tiedekunta.$$0(FIN11)000009616
015287038 7102 L $$aHelsingin yliopisto.$$bFysiikan laitos.$$0(FIN11)000000901
015287038 7102 L $$aHelsingin yliopisto,$$ejulkaisija.$$0(FIN11)000038390
015287038 77608 L $$iVerkkoaineisto (yhteenveto-osa, PDF):$$z978-951-51-2774-7$$9FENNI<KEEP>
015287038 830 0 L $$aReport series in physics.$$nD / University of Helsinki, Department of Physics,$$x0356-0961 ;$$vNo. 252.
015287038 85641 L $$3Yhteenveto-osa$$uhttp://urn.fi/URN:ISBN:978-951-51-2774-7
015287038 CAT L $$aFENNI40045$$b30$$c20190116$$lFIN01$$h1209
015287038 CAT L $$aFENNI40045$$b30$$c20190117$$lFIN01$$h0837
015287038 CAT L $$aABO4004$$b30$$c20190122$$lFIN01$$h1148
015287038 CAT L $$aFENNI4004$$b30$$c20190215$$lFIN01$$h1336
015287038 901 L $$aMU20190117$$5FENNI
015287038 LOW L $$aFENNI
015287038 LOW L $$aALMA
