015287113 FMT L BK
015287113 LDR L 00000cam^a2200229^i^4500
015287113 001 L 015287113
015287113 005 L 20190215133248.0
015287113 008 L 190116s2017^^^^fi^||||^^m^^^^|0|^0|eng|c
015287113 020 L $$a978-951-51-2775-4$$qnidottu
015287113 040 L $$aFI-NL$$bfin$$erda
015287113 0410 L $$aeng
015287113 042 L $$afinb
015287113 0801 L $$a53$$21974/fin/fennica$$9FENNI<KEEP>
015287113 1001 L $$aWelti, Jan,$$d1987-$$ekirjoittaja.$$0(FIN11)000189263
015287113 24510 L $$aInelastic, non-diffractive and diffractive proton-proton cross-section measurements at the LHC /$$cJan Welti.
015287113 264 1 L $$aHelsinki :$$bUniversity of Helsinki,$$c2017.
015287113 264 3 L $$aHelsinki :$$bUnigrafia
015287113 300 L $$avii, 49 sivua, 25 sivua useina numerointijaksoina :$$bkuvitettu ;$$c25 cm
015287113 336 L $$ateksti$$btxt$$2rdacontent
015287113 337 L $$akäytettävissä ilman laitetta$$bn$$2rdamedia
015287113 338 L $$anide$$bnc$$2rdacarrier
015287113 4901 L $$aReport series in physics / University of Helsinki,$$x0356-0961 ;$$vHU-P-D253
015287113 500 L $$aArtikkeliväitöskirjan yhteenveto-osa ja 3 eripainosta.$$9FENNI<KEEP>
015287113 502 L $$aVäitöskirja :$$cHelsingin yliopisto, matemaattis-luonnontieteellinen tiedekunta, fysiikan laitos,$$d2017.$$9FENNI<KEEP>
015287113 5203 L $$aEnglish abstract.
015287113 530 L $$aYhteenveto-osa julkaistu myös verkkoaineistona.$$9FENNI<KEEP>
015287113 650 7 L $$afysik$$2allars
015287113 650 7 L $$apartikelfysik$$2allars
015287113 650 7 L $$aelementarpartiklar$$2allars
015287113 650 7 L $$aprotoner$$2allars
015287113 650 7 L $$aegenskaper$$2allars
015287113 650 7 L $$afysiikka$$2ysa$$9FENNI<KEEP>
015287113 650 7 L $$ahiukkasfysiikka$$2ysa$$9FENNI<KEEP>
015287113 650 7 L $$aalkeishiukkaset$$2ysa$$9FENNI<KEEP>
015287113 650 7 L $$aprotonit$$2ysa$$9FENNI<KEEP>
015287113 650 7 L $$aominaisuudet$$2ysa$$9FENNI<KEEP>
015287113 7102 L $$aHelsingin yliopisto.$$bMatemaattis-luonnontieteellinen tiedekunta.$$0(FIN11)000009616
015287113 7102 L $$aHelsingin yliopisto.$$bFysiikan laitos.$$0(FIN11)000000901
015287113 7102 L $$aFysiikan tutkimuslaitos.$$0(FIN11)000029908
015287113 7102 L $$aHelsingin yliopisto,$$ejulkaisija.$$0(FIN11)000038390
015287113 77608 L $$iVerkkoaineisto (yhteenveto-osa, PDF):$$z978-951-51-2776-1$$9FENNI<KEEP>
015287113 830 0 L $$aReport series in physics.$$nD / University of Helsinki, Department of Physics,$$x0356-0961 ;$$vno. 253.
015287113 85641 L $$3Yhteenveto-osa$$uhttp://urn.fi/URN:ISBN:978-951-51-2776-1
015287113 CAT L $$aFENNI40045$$b30$$c20190116$$lFIN01$$h1257
015287113 CAT L $$aFENNI40045$$b30$$c20190116$$lFIN01$$h1300
015287113 CAT L $$aFENNI40045$$b30$$c20190116$$lFIN01$$h1301
015287113 CAT L $$aFENNI40045$$b30$$c20190117$$lFIN01$$h0832
015287113 CAT L $$aABO4004$$b30$$c20190122$$lFIN01$$h1216
015287113 CAT L $$aFENNI4004$$b30$$c20190215$$lFIN01$$h1332
015287113 901 L $$aMU20190117$$5FENNI
015287113 LOW L $$aFENNI
015287113 LOW L $$aALMA
