015287167 FMT L BK
015287167 LDR L 00000cam^a2200229^i^4500
015287167 001 L 015287167
015287167 005 L 20190215123756.0
015287167 008 L 190116s2017^^^^fi^||||^^m^^^^|0|^0|eng|c
015287167 020 L $$a978-951-51-1269-9$$qnidottu
015287167 040 L $$aFI-NL$$bfin$$erda
015287167 0410 L $$aeng
015287167 042 L $$afinb
015287167 0801 L $$a53$$21974/fin/fennica$$9FENNI<KEEP>
015287167 1001 L $$aNyrhinen, Hannu J.,$$d1983-$$ekirjoittaja.$$0(FIN11)000189255
015287167 24510 L $$aBlack holes, stability and geodesics in modified gravity theories /$$cHannu J. Nyrhinen.
015287167 264 1 L $$aHelsinki :$$bHelsinki Institute of Physics :$$bUniversity of Helsinki,$$c2017.
015287167 264 3 L $$aHelsinki :$$bUnigrafia
015287167 300 L $$avii, 61 sivua, 35 sivua useina numerointijaksoina :$$bkuvitettu ;$$c25 cm
015287167 336 L $$ateksti$$btxt$$2rdacontent
015287167 337 L $$akäytettävissä ilman laitetta$$bn$$2rdamedia
015287167 338 L $$anide$$bnc$$2rdacarrier
015287167 4901 L $$aInternal report / Helsinki Institute of Physics,$$x1455-0563 ;$$vHIP-2017-01
015287167 500 L $$aArtikkeliväitöskirjan yhteenveto-osa ja 3 eripainosta.$$9FENNI<KEEP>
015287167 502 L $$aVäitöskirja :$$cHelsingin yliopisto, matemaattis-luonnontieteellinen tiedekunta, fysiikan laitos,$$d2017.$$9FENNI<KEEP>
015287167 5203 L $$aEnglish abstract.
015287167 530 L $$aYhteenveto-osa julkaistu myös verkkoaineistona.$$9FENNI<KEEP>
015287167 650 7 L $$afysik$$2allars
015287167 650 7 L $$agravitation$$2allars
015287167 650 7 L $$asvarta hål$$2allars
015287167 650 7 L $$afysiikka$$2ysa$$9FENNI<KEEP>
015287167 650 7 L $$agravitaatio$$2ysa$$9FENNI<KEEP>
015287167 650 7 L $$amustat aukot$$2ysa$$9FENNI<KEEP>
015287167 7102 L $$aHelsingin yliopisto.$$bMatemaattis-luonnontieteellinen tiedekunta.$$0(FIN11)000009616
015287167 7102 L $$aHelsingin yliopisto.$$bFysiikan laitos.$$0(FIN11)000000901
015287167 7102 L $$aFysiikan tutkimuslaitos,$$ejulkaisija.$$0(FIN11)000029908
015287167 7102 L $$aHelsingin yliopisto,$$ejulkaisija.$$0(FIN11)000038390
015287167 77608 L $$iVerkkoaineisto (yhteenveto-osa, PDF):$$z978-951-51-1270-5$$9FENNI<KEEP>
015287167 830 0 L $$aInternal report / Helsinki Institute of Physics,$$x1455-0563 ;$$v2017, 1.
015287167 85641 L $$3Yhteenveto-osa$$uhttp://urn.fi/URN:ISBN:978-951-51-1270-5
015287167 CAT L $$aFENNI40045$$b30$$c20190116$$lFIN01$$h1315
015287167 CAT L $$aFENNI40045$$b30$$c20190117$$lFIN01$$h0829
015287167 CAT L $$aFENNI40045$$b30$$c20190117$$lFIN01$$h0830
015287167 CAT L $$aABO4004$$b30$$c20190129$$lFIN01$$h1026
015287167 CAT L $$aFENNI4004$$b30$$c20190215$$lFIN01$$h1237
015287167 901 L $$aMU20190117$$5FENNI
015287167 LOW L $$aFENNI
015287167 LOW L $$aALMA
015287167 LOW L $$aVOLTE
