015287791 FMT L BK
015287791 LDR L 00000cam^a2200229^i^4500
015287791 001 L 015287791
015287791 005 L 20190118075239.0
015287791 008 L 190117s2017^^^^fi^||||^^m^^^^|0|^0|eng|^
015287791 020 L $$a978-952-03-0589-5$$qnidottu
015287791 040 L $$aFI-NL$$bfin$$erda
015287791 0410 L $$aeng
015287791 042 L $$afinb
015287791 0801 L $$a004$$21974/fin/fennica$$9FENNI<KEEP>
015287791 1001 L $$aFarooq, Ahmed,$$ekirjoittaja.
015287791 24510 L $$aDeveloping technologies to provide haptic feedback for surface based interaction in mobile devices /$$cAhmed Farooq.
015287791 264 1 L $$aTampere :$$bUniversity of Tampere, Faculty of Communication Sciences,$$c2017.
015287791 264 3 L $$aTampere :$$bJuvenes Print - Suomen Yliopistopaino Oy
015287791 300 L $$a239 sivua :$$bkuvitettu ;$$c25 cm
015287791 336 L $$ateksti$$btxt$$2rdacontent
015287791 337 L $$akäytettävissä ilman laitetta$$bn$$2rdamedia
015287791 338 L $$anide$$bnc$$2rdacarrier
015287791 4901 L $$aDissertations in interactive technology,$$x1795-9489 ;$$vnumber 26
015287791 502 L $$aVäitöskirja :$$cTampereen yliopisto, viestintätieteiden tiedekunta, tietojenkäsittelyoppi, vuorovaikutteinen teknologia,$$d2017.$$9FENNI<KEEP>
015287791 650 7 L $$amobiililaitteet$$2ysa$$9FENNI<KEEP>
015287791 650 7 L $$ahaptinen teknologia$$2ysa$$9FENNI<KEEP>
015287791 650 7 L $$akosketusnäyttö$$2ysa$$9FENNI<KEEP>
015287791 650 7 L $$asignaalit$$2ysa$$9FENNI<KEEP>
015287791 650 7 L $$aliikeaisti$$2ysa$$9FENNI<KEEP>
015287791 650 7 L $$ainteraktiivisuus$$2ysa$$9FENNI<KEEP>
015287791 7102 L $$aTampereen yliopisto.$$bTietojenkäsittelyopin laitos.$$0(FIN11)000005362
015287791 7102 L $$aTampereen yliopisto.$$bViestintätieteiden tiedekunta,$$ejulkaisija.$$0(FIN11)000172723
015287791 77608 L $$iVerkkoaineisto (PDF):$$z978-952-03-0590-1$$9FENNI<KEEP>
015287791 830 0 L $$aDissertations in interactive technology,$$x1795-9489 ;$$v26.
015287791 85641 L $$uhttp://urn.fi/URN:ISBN:978-952-03-0590-1$$yLinkki verkkoaineistoon
015287791 CAT L $$aFENNI40045$$b30$$c20190117$$lFIN01$$h0954
015287791 CAT L $$aFENNI40045$$b30$$c20190117$$lFIN01$$h0955
015287791 CAT L $$aFENNI40045$$b30$$c20190118$$lFIN01$$h0752
015287791 901 L $$aMU20190118$$5FENNI
015287791 LOW L $$aFENNI
