015287933 FMT L BK
015287933 LDR L 00000cam^a2200229^i^4500
015287933 001 L 015287933
015287933 005 L 20190121151558.0
015287933 008 L 190117s2017^^^^fi^||||^^m^^^^|0|^0|eng|^
015287933 020 L $$a978-951-29-7047-6$$qnidottu
015287933 040 L $$aFI-NL$$bfin$$erda
015287933 0410 L $$aeng$$bfin
015287933 042 L $$afinb
015287933 0801 L $$a615.8$$21974/fin/fennica$$9FENNI<KEEP>
015287933 1001 L $$aJunnila, Mika,$$ekirjoittaja.
015287933 24510 L $$aRegisters in assessing complication and revision rate after hip arthroplasty /$$cMika Junnila.
015287933 264 1 L $$aTurku :$$bTurun yliopisto = University of Turku,$$c2017.
015287933 264 3 L $$aTurku, Finland :$$bJuvenes Print
015287933 300 L $$a109 sivua, 30 sivua useina numerointijaksoina :$$bkuvitettu ;$$c25 cm +$$eirtolehti
015287933 336 L $$ateksti$$btxt$$2rdacontent
015287933 337 L $$akäytettävissä ilman laitetta$$bn$$2rdamedia
015287933 338 L $$anide$$bnc$$2rdacarrier
015287933 4901 L $$aTurun yliopiston julkaisuja. Sarja D. Medica-Odontologica,$$x0355-9483 ;$$vosa 1323
015287933 500 L $$aArtikkeliväitöskirjan yhteenveto-osa ja 4 eripainosta.$$9FENNI<KEEP>
015287933 502 L $$aVäitöskirja :$$cTurun yliopisto, lääketieteellinen tiedekunta, kliinisen lääketieteen laitos, ortopedian ja traumatologian klinikka, Turun kliininen tohtoriohjelma,$$d2017.$$9FENNI<KEEP>
015287933 5208 L $$aTiivistelmä.$$9FENNI<KEEP>
015287933 650 7 L $$atekonivelet$$2ysa$$9FENNI<KEEP>
015287933 650 7 L $$alonkka$$2ysa$$9FENNI<KEEP>
015287933 650 7 L $$aleikkaushoito$$2ysa$$9FENNI<KEEP>
015287933 650 7 L $$aarviointi$$2ysa$$9FENNI<KEEP>
015287933 655 7 L $$aväitöskirjat: TY: LÄÄK: ortopedia ja traumatologia$$2local$$5FI-T
015287933 655 7 L $$aväitöskirjat: lääketiede: Turku: 2017$$2local$$5FI-T
015287933 7102 L $$aTurun yliopisto.$$bLääketieteellinen tiedekunta.$$0(FIN11)000005856
015287933 7102 L $$aTurun yliopisto.$$bKliinisen lääketieteen laitos.
015287933 7102 L $$aTurun yliopisto.$$bTurun kliininen tohtoriohjelma.
015287933 7102 L $$aTurun yliopisto,$$ejulkaisija.$$0(FIN11)000030311
015287933 77608 L $$iVerkkoaineisto (PDF):$$z978-951-29-7048-3$$9FENNI<KEEP>
015287933 830 0 L $$aTurun yliopiston julkaisuja.$$nSarja D,$$pMedica. Odontologica,$$x0355-9483 ;$$v1323.
015287933 85641 L $$uhttp://urn.fi/URN:ISBN:978-951-29-7048-3$$yLinkki verkkoaineistoon
015287933 CAT L $$aFENNI40045$$b30$$c20190117$$lFIN01$$h1050
015287933 CAT L $$aFENNI40045$$b30$$c20190117$$lFIN01$$h1055
015287933 CAT L $$aFENNI40045$$b30$$c20190118$$lFIN01$$h0817
015287933 CAT L $$aTK4017$$b30$$c20190121$$lFIN01$$h1515
015287933 901 L $$aMU20190118$$5FENNI
015287933 LOW L $$aFENNI
015287933 LOW L $$aVOLTE
