015288051 FMT L BK
015288051 LDR L 00000cam^a2200229^i^4500
015288051 001 L 015288051
015288051 005 L 20190122162207.0
015288051 008 L 190117s2017^^^^fi^||||^^m^^^^|0|^0|eng|^
015288051 020 L $$a978-951-29-7058-2$$qnidottu
015288051 040 L $$aFI-NL$$bfin$$erda
015288051 0410 L $$aeng$$bfin$$bspa
015288051 042 L $$afinb
015288051 0801 L $$a556$$21974/fin/fennica$$9FENNI<KEEP>
015288051 0801 L $$a502/504$$21974/fin/fennica$$9FENNI<KEEP>
015288051 1001 L $$aGonzales Inca, Carlos A.,$$d1975-$$0(FIN11)000186650$$ekirjoittaja.
015288051 24510 L $$aModeling the spatial and temporal trends of water quality in boreal managed watersheds /$$cCarlos A. Gonzales Inca.
015288051 264 1 L $$aTurku :$$bTurun yliopisto = University of Turku,$$c2017.
015288051 264 3 L $$aTurku, Finland :$$bPainosalama Oy
015288051 300 L $$a122 sivua :$$bkuvitettu, karttoja ;$$c25 cm
015288051 336 L $$ateksti$$btxt$$2rdacontent
015288051 337 L $$akäytettävissä ilman laitetta$$bn$$2rdamedia
015288051 338 L $$anide$$bnc$$2rdacarrier
015288051 4901 L $$aTurun yliopiston julkaisuja. Sarja A II, Biologica-Geographica-Geologica,$$x0082-6979 ;$$vosa 337
015288051 500 L $$aArtikkeliväitöskirjan yhteenveto-osa ja 4 eripainosta.$$9FENNI<KEEP>
015288051 502 L $$aVäitöskirja :$$cTurun yliopisto, luonnontieteiden ja tekniikan tiedekunta, maantieteen ja geologian laitos, maantiede,$$d2017.$$9FENNI<KEEP>
015288051 520 L $$aVedenlaadun alueellisten ja ajallisten vaihteluiden mallintaminen viileän vyöhykkeen valuma-alueilla.$$9FENNI<KEEP>
015288051 520 L $$aModelado de las tendencias temporales y espaciales de la calidad del agua en cuencas hidrográficas boreales manejados.$$9FENNI<KEEP>
015288051 530 L $$aYhteenveto-osa julkaistu myös verkkoaineistona.$$9FENNI<KEEP>
015288051 650 7 L $$ahydrologia$$2ysa$$9FENNI<KEEP>
015288051 650 7 L $$avaluma-alueet$$2ysa$$9FENNI<KEEP>
015288051 650 7 L $$amallintaminen$$2ysa$$9FENNI<KEEP>
015288051 650 7 L $$avedenlaatu$$2ysa$$9FENNI<KEEP>
015288051 650 7 L $$amuutos$$2ysa$$9FENNI<KEEP>
015288051 650 7 L $$ailmastonmuutokset$$2ysa$$9FENNI<KEEP>
015288051 650 7 L $$aresilienssi$$2ysa$$9FENNI<KEEP>
015288051 650 7 L $$akosteikot$$2ysa$$9FENNI<KEEP>
015288051 655 7 L $$aväitöskirjat: mat.-luonnontieteet: Turku: 2017$$2local$$5FI-T
015288051 655 7 L $$aväitöskirjat: TY: ML: maantiede$$2local$$5FI-T
015288051 7102 L $$aTurun yliopisto.$$bLuonnontieteiden ja tekniikan tiedekunta.
015288051 7102 L $$aTurun yliopisto.$$bMaantieteen ja geologian laitos.$$0(FIN11)000172689
015288051 7102 L $$aTurun yliopisto,$$ejulkaisija.$$0(FIN11)000030311
015288051 77608 L $$iVerkkoaineisto (yhteenveto-osa, PDF):$$z978-951-29-7059-9$$9FENNI<KEEP>
015288051 830 0 L $$aTurun yliopiston julkaisuja.$$nSarja A 2,$$pBiologica, Geographica, Geologica,$$x0082-6979 ;$$vosa 337.
015288051 85641 L $$3Yhteenveto-osa$$uhttp://urn.fi/URN:ISBN:978-951-29-7059-9
015288051 CAT L $$aFENNI40045$$b30$$c20190117$$lFIN01$$h1204
015288051 CAT L $$aFENNI40045$$b30$$c20190118$$lFIN01$$h0808
015288051 CAT L $$aTK4017$$b30$$c20190122$$lFIN01$$h1436
015288051 CAT L $$aTK4017$$b30$$c20190122$$lFIN01$$h1622
015288051 901 L $$aMU20190118$$5FENNI
015288051 LOW L $$aFENNI
015288051 LOW L $$aVOLTE
