015288218 FMT L BK
015288218 LDR L 00000cam^a2200229^i^4500
015288218 001 L 015288218
015288218 005 L 20190212105954.0
015288218 008 L 190117s2017^^^^fi^||||^^m^^^^|0|^0|eng|^
015288218 020 L $$a978-952-12-3517-7$$qnidottu
015288218 020 L $$a978-951-29-6397-3$$qnidottu
015288218 040 L $$aFI-NL$$bfin$$erda
015288218 0410 L $$aeng$$bfin
015288218 042 L $$afinb
015288218 0801 L $$a004$$21974/fin/fennica$$9FENNI<KEEP>
015288218 0801 L $$a378$$21974/fin/fennica$$9FENNI<KEEP>
015288218 1001 L $$aTaajamaa, Ville,$$ekirjoittaja.
015288218 24510 L $$aO-CDIO :$$bengineering education framework with embedded design thinking methods /$$cVille Taajamaa.
015288218 24630 L $$aEngineering education framework with embedded design thinking methods
015288218 264 1 L $$a[Turku] :$$bTurku centre for computer science :$$bUniversity of Turku, Department of Information Technology,$$c2017.
015288218 300 L $$a126 sivua, 97 sivua useina numerointijaksoina :$$bkuvitettu ;$$c25 cm
015288218 336 L $$ateksti$$btxt$$2rdacontent
015288218 337 L $$akäytettävissä ilman laitetta$$bn$$2rdamedia
015288218 338 L $$anide$$bnc$$2rdacarrier
015288218 4901 L $$aTUCS dissertations,$$x1239-1883 ;$$vno 220
015288218 500 L $$aArtikkeliväitöskirjan yhteenveto-osa ja 8 eripainosta.$$9FENNI<KEEP>
015288218 502 L $$aVäitöskirja :$$cTurun yliopisto, matemaattis-luonnontieteellinen tiedekunta, informaatioteknologian laitos,$$d2017.$$9FENNI<KEEP>
015288218 5208 L $$aTiivistelmä.$$9FENNI<KEEP>
015288218 530 L $$aYhteenveto-osa julkaistu myös verkkoaineistona.$$9FENNI<KEEP>
015288218 583 L $$aK-KPL$$5FENNI
015288218 650 7 L $$atekniikka$$2ysa$$9FENNI<KEEP>
015288218 650 7 L $$ateknologia$$2ysa$$9FENNI<KEEP>
015288218 650 7 L $$akorkeakouluopetus$$2ysa$$9FENNI<KEEP>
015288218 650 7 L $$aopetusmenetelmät$$2ysa$$9FENNI<KEEP>
015288218 650 7 L $$aaktivointi$$2ysa$$9FENNI<KEEP>
015288218 650 7 L $$ateknik$$2allars
015288218 650 7 L $$ateknologi$$2allars
015288218 650 7 L $$ahögskoleundervisning$$2allars
015288218 650 7 L $$aundervisningsmetoder$$2allars
015288218 650 7 L $$aaktivering$$2allars
015288218 7102 L $$aTurun yliopisto.$$bMatemaattis-luonnontieteellinen tiedekunta.$$0(FIN11)000005859
015288218 7102 L $$aTurun yliopisto.$$bInformaatioteknologian laitos,$$ejulkaisija.$$0(FIN11)000028484
015288218 7102 L $$aTurun tietotekniikan tutkimus- ja koulutuskeskus,$$ejulkaisija.$$0(FIN11)000014485
015288218 77608 L $$iVerkkoaineisto (yhteenveto-osa, PDF):$$z978-952-12-3518-4$$9FENNI<KEEP>
015288218 77608 L $$iVerkkoaineisto (yhteenveto-osa, PDF):$$z978-951-29-6398-0$$9FENNI<KEEP>
015288218 830 0 L $$aTUCS dissertations,$$x1239-1883 ;$$vno 220.
015288218 85641 L $$3Yhteenveto-osa$$uhttp://urn.fi/URN:ISBN:978-951-29-6398-0
015288218 CAT L $$aFENNI40045$$b30$$c20190117$$lFIN01$$h1319
015288218 CAT L $$aFENNI40045$$b30$$c20190117$$lFIN01$$h1320
015288218 CAT L $$aFENNI40045$$b30$$c20190117$$lFIN01$$h1336
015288218 CAT L $$aFENNI40045$$b30$$c20190118$$lFIN01$$h0827
015288218 CAT L $$aFENNI40045$$b30$$c20190118$$lFIN01$$h0847
015288218 CAT L $$aFENNI40045$$b30$$c20190118$$lFIN01$$h0848
015288218 CAT L $$aABO4032$$b30$$c20190212$$lFIN01$$h1059
015288218 901 L $$aMU20190118$$5FENNI
015288218 LOW L $$aFENNI
015288218 LOW L $$aALMA
