015288329 FMT L BK
015288329 LDR L 00000cam^a22^^^^^^i^4500
015288329 001 L 015288329
015288329 005 L 20190214123118.0
015288329 008 L 190117s2017^^^^fi^||||^^m^^^^|0|^0|eng|^
015288329 020 L $$a978-952-336-038-9$$qnidottu
015288329 040 L $$aFI-NL$$bfin$$erda
015288329 0410 L $$aeng
015288329 042 L $$afinb
015288329 0801 L $$a551.5$$21974/fin/fennica$$9FENNI<KEEP>
015288329 084 L $$a55.5$$2ykl$$9FENNI<KEEP>
015288329 1001 L $$aSvensson, Jonas,$$d1984-$$ekirjoittaja.$$0(FIN11)000188164
015288329 24510 L $$aClimatic effect of light-absorbing impurities on snow :$$bexperimental and field observations /$$cJonas Svensson.
015288329 264 1 L $$aHelsinki :$$bFinnish Meteorological Institute,$$c2017.
015288329 264 3 L $$aHelsinki :$$bErweko Oy
015288329 300 L $$a32 sivua, 69 sivua useina numerointijaksoina :$$bkuvitettu, karttoja :$$c25 cm
015288329 336 L $$ateksti$$btxt$$2rdacontent
015288329 337 L $$akäytettävissä ilman laitetta$$bn$$2rdamedia
015288329 338 L $$anide$$bnc$$2rdacarrier
015288329 4901 L $$aContributions / Finnish Meteorological Institute,$$x0782-6117 ;$$vNo. 140
015288329 500 L $$aNimiösivulla myös: Doctoral Programme in Atmospheric Sciences, Department of Environmental Sciences, Faculty of Biological and Environmental Sciences, University of Helsinki, Finland.$$9FENNI<KEEP>
015288329 500 L $$aArtikkeliväitöskirjan yhteenveto-osa ja 4 eripainosta.$$9FENNI<KEEP>
015288329 502 L $$aVäitöskirja :$$cHelsingin yliopisto,$$d2017.$$9FENNI<KEEP>
015288329 650 7 L $$alumi$$2ysa$$9FENNI<KEEP>
015288329 650 7 L $$aepäpuhtaudet$$2ysa$$9FENNI<KEEP>
015288329 650 7 L $$avalo$$2ysa$$9FENNI<KEEP>
015288329 650 7 L $$aabsorptio$$2ysa$$9FENNI<KEEP>
015288329 650 7 L $$aalbedo$$2ysa$$9FENNI<KEEP>
015288329 650 7 L $$avaikutukset$$2ysa$$9FENNI<KEEP>
015288329 650 7 L $$amallintaminen$$2ysa$$9FENNI<KEEP>
015288329 77608 L $$iVerkkoaineisto (PDF):$$z978-952-336-039-6$$9FENNI<KEEP>
015288329 830 0 L $$aContributions / Finnish Meteorological Institute,$$x0782-6117 ;$$vno. 140.
015288329 85641 L $$uhttp://urn.fi/URN:ISBN:978-952-336-039-6$$yLinkki verkkoaineistoon
015288329 CAT L $$aFENNI40011$$b30$$c20190117$$lFIN01$$h1445
015288329 CAT L $$aFENNI40011$$b30$$c20190117$$lFIN01$$h1508
015288329 CAT L $$aFENNI40032$$b30$$c20190124$$lFIN01$$h1529
015288329 CAT L $$aFENNI4004$$b30$$c20190214$$lFIN01$$h1231
015288329 901 L $$aMU20190124$$5FENNI
015288329 LOW L $$aFENNI
015288329 LOW L $$aJYKDO
