015288334 FMT L BK
015288334 LDR L 00000cam^a2200313^i^4500
015288334 001 L 015288334
015288334 005 L 20190219083649.0
015288334 008 L 190117s2017^^^^fi^||||^^m^^^^|0|^0|eng|^
015288334 020 L $$a978-952-7091-82-1$$qnidottu
015288334 040 L $$aFI-NL$$bfin$$erda
015288334 0410 L $$aeng
015288334 042 L $$afinb
015288334 0801 L $$a551.5$$21974/fin/fennica$$9FENNI<KEEP>
015288334 1001 L $$aRiuttanen, Laura,$$d1984-$$ekirjoittaja.$$0(FIN11)000189311
015288334 24510 L $$aAir pollutants :$$bregional transport, properties and effect on upper tropospheric humidity /$$cLaura Riuttanen.
015288334 264 1 L $$aHelsinki :$$bAerosolitutkimusseura ry,$$c2017.
015288334 264 3 L $$aHelsinki :$$bUnigrafia
015288334 300 L $$a51 sivua, 70 sivua useina numerointijaksoina :$$bkuvitettu, karttoja ;$$c25 cm
015288334 336 L $$ateksti$$btxt$$2rdacontent
015288334 337 L $$akäytettävissä ilman laitetta$$bn$$2rdamedia
015288334 338 L $$anide$$bnc$$2rdacarrier
015288334 4901 L $$aReport series in aerosol science,$$x0784-3496 ;$$vN:o 199
015288334 500 L $$aArtikkeliväitöskirjan yhteenveto-osa ja 4 eripainosta.$$9FENNI<KEEP>
015288334 502 L $$aVäitöskirja :$$cHelsingin yliopisto, matemaattis-luonnontieteellinen tiedekunta,$$d2017.$$9FENNI<KEEP>
015288334 650 7 L $$ailmastovaikutukset$$2ysa$$9FENNI<KEEP>
015288334 650 7 L $$ailmansaasteet$$2ysa$$9FENNI<KEEP>
015288334 650 7 L $$apienhiukkaset$$2ysa$$9FENNI<KEEP>
015288334 650 7 L $$aaerosolit$$2ysa$$9FENNI<KEEP>
015288334 650 7 L $$akulkeutuminen$$2ysa$$9FENNI<KEEP>
015288334 650 7 L $$atroposfääri$$2ysa$$9FENNI<KEEP>
015288334 650 7 L $$akosteus$$2ysa$$9FENNI<KEEP>
015288334 650 7 L $$aklimatpåverkan$$2allars
015288334 650 7 L $$aluftförorening$$2allars
015288334 650 7 L $$asmåpartiklar$$2allars
015288334 650 7 L $$aaerosoler$$2allars
015288334 650 7 L $$amigrering$$2allars
015288334 650 7 L $$atroposfären$$2allars
015288334 650 7 L $$afuktighet$$2allars
015288334 77608 L $$iVerkkoaineisto (yhteenveto-osa, PDF):$$z978-952-7091-83-8$$9FENNI<KEEP>
015288334 830 0 L $$aReport series in aerosol science,$$x0784-3496 ;$$vn:o 199.
015288334 85641 L $$3Yhteenveto-osa$$uhttp://urn.fi/URN:ISBN:978-952-7091-82-1
015288334 CAT L $$aFENNI40010$$b30$$c20190117$$lFIN01$$h1447
015288334 CAT L $$aFENNI40010$$b30$$c20190117$$lFIN01$$h1447
015288334 CAT L $$aFENNI40012$$b30$$c20190125$$lFIN01$$h1605
015288334 CAT L $$aABO4008$$b30$$c20190211$$lFIN01$$h0816
015288334 CAT L $$aFENNI4004$$b30$$c20190219$$lFIN01$$h0836
015288334 901 L $$aMU20190125$$5FENNI
015288334 LOW L $$aFENNI
015288334 LOW L $$aALMA
015288334 LOW L $$aVOLTE
