015288419 FMT L BK
015288419 LDR L 00000cam^a2200229^i^4500
015288419 001 L 015288419
015288419 005 L 20190212104637.0
015288419 008 L 190117s2017^^^^fi^||||^^m^^^^|0|^0|eng|^
015288419 020 L $$a978-952-12-3515-3$$qnidottu
015288419 040 L $$aFI-NL$$bfin$$erda
015288419 0410 L $$aeng$$bfin
015288419 042 L $$afinb
015288419 0801 L $$a51$$21974/fin/fennica$$9FENNI<KEEP>
015288419 0801 L $$a004$$21974/fin/fennica$$9FENNI<KEEP>
015288419 1001 L $$aNieminen, Noora,$$ekirjoittaja.
015288419 24510 L $$aGarbling schemes and applications /$$cNoora Nieminen.
015288419 264 1 L $$a[Turku] :$$bTurku centre for computer science,$$c2017.
015288419 264 3 L $$aTurku :$$bPainosalama Oy
015288419 300 L $$a230 sivua :$$bkuvitettu ;$$c25 cm
015288419 336 L $$ateksti$$btxt$$2rdacontent
015288419 337 L $$akäytettävissä ilman laitetta$$bn$$2rdamedia
015288419 338 L $$anide$$bnc$$2rdacarrier
015288419 4901 L $$aTUCS dissertations,$$x1239-1883 ;$$vno 219
015288419 500 L $$aArtikkeliväitöskirjan yhteenveto-osa ja 7 eripainosta.$$9FENNI<KEEP>
015288419 502 L $$aVäitöskirja :$$cTurun yliopisto, matematiikan ja tilastotieteen laitos,$$d2017.$$9FENNI<KEEP>
015288419 5208 L $$aTiivistelmä.$$9FENNI<KEEP>
015288419 650 7 L $$alaskentamenetelmät$$2ysa$$9FENNI<KEEP>
015288419 650 7 L $$asovellukset (tietotekniikka)$$2ysa$$9FENNI<KEEP>
015288419 650 7 L $$adata$$2ysa$$9FENNI<KEEP>
015288419 650 7 L $$ayksilönsuoja$$2ysa$$9FENNI<KEEP>
015288419 650 7 L $$asalaus$$9FENNI<KEEP>$$2ysa
015288419 650 7 L $$aberäkningsmetoder$$2allars
015288419 650 7 L $$aapplikationer$$2allars
015288419 650 7 L $$adata$$2allars
015288419 650 7 L $$aintegritetsskydd$$2allars
015288419 650 7 L $$akryptering$$2allars
015288419 7102 L $$aTurun yliopisto.$$bMatematiikan ja tilastotieteen laitos.
015288419 7102 L $$aTurun tietotekniikan tutkimus- ja koulutuskeskus,$$ejulkaisija.$$0(FIN11)000014485
015288419 77608 L $$iVerkkoaineisto (PDF):$$z978-952-12-3516-0$$9FENNI<KEEP>
015288419 830 0 L $$aTUCS dissertations,$$x1239-1883 ;$$vno 219.
015288419 85641 L $$uhttps://www.utupub.fi/handle/10024/133706$$yLinkki verkkoaineistoon
015288419 CAT L $$aFENNI40045$$b30$$c20190117$$lFIN01$$h1524
015288419 CAT L $$aFENNI40045$$b30$$c20190118$$lFIN01$$h0857
015288419 CAT L $$aABO4032$$b30$$c20190212$$lFIN01$$h1046
015288419 901 L $$aMU20190118$$5FENNI
015288419 LOW L $$aFENNI
015288419 LOW L $$aALMA
015288419 LOW L $$aJYKDO
015288419 LOW L $$aVOLTE
