015288459 FMT L BK
015288459 LDR L 00000cam^a2200229^i^4500
015288459 001 L 015288459
015288459 005 L 20190212095952.0
015288459 008 L 190117s2017^^^^fi^||||^^m^^^^|0|^0|eng|^
015288459 020 L $$a978-952-12-3523-8$$qnidottu
015288459 040 L $$aFI-NL$$bfin$$erda
015288459 0410 L $$aeng$$bfin
015288459 042 L $$afinb
015288459 0801 L $$a004$$21974/fin/fennica$$9FENNI<KEEP>
015288459 1001 L $$aHolvitie, Johannes,$$ekirjoittaja.
015288459 24510 L $$aTechnical debt in software development :$$bexamining premises and overcoming implementation for efficient management /$$cJohannes Holvitie.
015288459 24630 L $$aExamining premises and overcoming implementation for efficient management
015288459 264 1 L $$a[Turku] :$$bTurku centre for computer science,$$c2017.
015288459 264 3 L $$aTurku :$$bPainosalama Oy
015288459 300 L $$a95 sivua, 86 sivua useina numerointijaksoina :$$bkuvitettu ;$$c25 cm
015288459 336 L $$ateksti$$btxt$$2rdacontent
015288459 337 L $$akäytettävissä ilman laitetta$$bn$$2rdamedia
015288459 338 L $$anide$$bnc$$2rdacarrier
015288459 4901 L $$aTUCS dissertations,$$x1239-1883 ;$$vno 221
015288459 500 L $$aArtikkeliväitöskirjan yhteenveto-osa ja 7 eripainosta.$$9FENNI<KEEP>
015288459 502 L $$aVäitöskirja :$$cTurun yliopisto, luonnontieteiden ja tekniikan tiedekunta, tulevaisuuden teknologioiden laitos,$$d2017.$$9FENNI<KEEP>
015288459 5208 L $$aTiivistelmä.$$9FENNI<KEEP>
015288459 650 7 L $$aohjelmistokehitys$$2ysa$$9FENNI<KEEP>
015288459 650 7 L $$aprojektit$$2ysa$$9FENNI<KEEP>
015288459 650 7 L $$aprogramutveckling$$2allars
015288459 650 7 L $$aprojekt$$2allars
015288459 7102 L $$aTurun yliopisto.$$bLuonnontieteiden ja tekniikan tiedekunta.
015288459 7102 L $$aTurun yliopisto.$$bTulevaisuuden teknologioiden laitos.
015288459 7102 L $$aTurun tietotekniikan tutkimus- ja koulutuskeskus,$$ejulkaisija.$$0(FIN11)000014485
015288459 77608 L $$iVerkkoaineisto (PDF):$$z978-952-12-3524-5$$9FENNI<KEEP>
015288459 830 0 L $$aTUCS dissertations,$$x1239-1883 ;$$vno 221.
015288459 85641 L $$uhttp://urn.fi/URN:ISBN:978-952-12-3524-5$$yLinkki verkkoaineistoon
015288459 CAT L $$aFENNI40045$$b30$$c20190117$$lFIN01$$h1537
015288459 CAT L $$aFENNI40045$$b30$$c20190117$$lFIN01$$h1539
015288459 CAT L $$aFENNI40045$$b30$$c20190118$$lFIN01$$h0841
015288459 CAT L $$aABO4032$$b30$$c20190212$$lFIN01$$h0959
015288459 901 L $$aMU20190118$$5FENNI
015288459 LOW L $$aFENNI
015288459 LOW L $$aALMA
