015293108 FMT L BK
015293108 LDR L 00000cam^a2200193^i^4500
015293108 001 L 015293108
015293108 005 L 20190219162159.0
015293108 008 L 190118s2018^^^^fi^||||^^m^^^^|0|^0|fin|^
015293108 020 L $$a978-952-60-8190-8$$qnidottu
015293108 040 L $$aFI-BTJ$$bfin$$erda$$dFI-NL$$dFI-Aalto
015293108 0410 L $$afin
015293108 042 L $$afinb
015293108 0801 L $$a159.94/.95$$21974/fin/fennica$$9FENNI<KEEP>
015293108 0801 L $$a37$$21974/fin/fennica$$9FENNI<KEEP>
015293108 0801 L $$a7.0$$21974/fin/fennica$$9FENNI<KEEP>
015293108 084 L $$a14.12$$2ykl$$9FENNI<KEEP>
015293108 084 L $$a70$$2ykl$$9FENNI<KEEP>
015293108 088 L $$aAALTO-DD-181/2018
015293108 1001 L $$aSnellman, Mikko,$$ekirjoittaja.
015293108 24510 L $$aKaikuja pimeästä-hämärästä metsästä :$$baffekti nykytaiteen oppimisen äärellä ja subjektiviteetin ekologia(ssa) /$$cMikko Snellman.
015293108 24630 L $$aAffekti nykytaiteen oppimisen äärellä ja subjektiviteetin ekologia(ssa)
015293108 264 1 L $$aEspoo :$$bAalto University,$$c[2018]
015293108 264 3 L $$aHelsinki :$$bUnigrafia ;$$c2018.
015293108 300 L $$a294 sivua :$$bkuvitettu ;$$c25 cm
015293108 336 L $$ateksti$$btxt$$2rdacontent
015293108 337 L $$akäytettävissä ilman laitetta$$bn$$2rdamedia
015293108 338 L $$anide$$bnc$$2rdacarrier
015293108 4900 L $$aAalto ARTS Books
015293108 4901 L $$aAalto University publication series. Doctoral dissertations,$$x1799-4934 ;$$v2018, 181
015293108 502 L $$aVäitöskirja :$$cAalto-yliopiston taiteiden ja suunnittelu korkeakoulu;$$d2018.$$9FENNI<KEEP>
015293108 650 7 L $$aaffektiivisuus$$2ysa$$9FENNI<KEEP>
015293108 650 7 L $$aoppiminen$$2ysa$$9FENNI<KEEP>
015293108 650 7 L $$anykytaide$$2ysa$$9FENNI<KEEP>
015293108 650 7 L $$ataiteen perusopetus$$2ysa$$9FENNI<KEEP>
015293108 650 7 L $$akokemusoppiminen$$2ysa$$9FENNI<KEEP>
015293108 650 7 L $$apedagogiikka$$2ysa$$9FENNI<KEEP>
015293108 650 7 L $$atunteet$$2ysa
015293108 650 7 L $$asubjektiviteetti$$2ysa
015293108 650 7 L $$ataidekasvatus$$2ysa
015293108 650 7 L $$aperformanssi$$2ysa
015293108 650 7 L $$aympäristötaide$$2ysa
015293108 7102 L $$aAalto-yliopiston taiteiden ja suunnittelun korkeakoulu.$$bTaiteen laitos$$0(FIN11)000154226$$ejulkaisija.
015293108 77608 L $$iVerkkoaineisto (PDF):$$z978-952-60-8191-5$$9FENNI<KEEP>
015293108 830 0 L $$aAalto University publication series.$$pDoctoral dissertations,$$x1799-4934 ;$$v2018, 181.
015293108 85641 L $$uhttp://urn.fi/URN:ISBN:978-952-60-8191-5$$yLinkki verkkoaineistoon$$9ALLI<DROP>
015293108 CAT L $$aFENNI-KV$$b30$$c20190118$$lFIN01$$h1629
015293108 CAT L $$aFENNI50014$$b30$$c20190125$$lFIN01$$h1457
015293108 CAT L $$aFENNI50014$$b30$$c20190125$$lFIN01$$h1459
015293108 CAT L $$aP4010$$b30$$c20190219$$lFIN01$$h1621
015293108 901 L $$aMU20190125$$5FENNI
015293108 LOW L $$aFENNI
015293108 LOW L $$aALLI
015293108 LOW L $$aOULA
