015324878 FMT L BK
015324878 LDR L 00000cam^a2200289^i^4500
015324878 001 L 015324878
015324878 005 L 20190221160233.0
015324878 008 L 190201s2017^^^^fi^||||^|m^^^^|0|^0|eng|^
015324878 020 L $$a978-951-29-7031-5$$qnidottu
015324878 040 L $$aFI-T$$bfin$$erda$$dFI-NL
015324878 0410 L $$aeng$$bfin
015324878 042 L $$afinb
015324878 060 4 L $$aWJ 762
015324878 0801 L $$a616$$21974/fin/fennica$$9FENNI<KEEP>
015324878 1001 L $$aSeikkula, Heikki,$$d1982-$$0(FIN11)000189362$$ekirjoittaja.
015324878 24510 L $$aStudies on prostate-specific antigen and prostate cancer epidemiology /$$cHeikki Seikkula.
015324878 264 1 L $$aTurku :$$bTurun yliopisto,$$c2017.
015324878 264 3 L $$aTurku, Finland :$$bPainosalama Oy
015324878 300 L $$a130 sivua :$$bkuvitettu ;$$c25 cm
015324878 336 L $$ateksti$$btxt$$2rdacontent
015324878 337 L $$akäytettävissä ilman laitetta$$bn$$2rdamedia
015324878 338 L $$anide$$bnc$$2rdacarrier
015324878 4901 L $$aTurun yliopiston julkaisuja. Sarja D. Medica-Odontologica,$$x0355-9483 ;$$vosa 1321
015324878 500 L $$aArtikkeliväitöskirjan yhteenveto-osa ja 4 eripainosta.$$9FENNI<KEEP>
015324878 502 L $$aVäitöskirja :$$cTurun yliopisto,$$d2017.$$9FENNI<KEEP>
015324878 520 L $$aTutkimuksia prostataspesifisestä antigeenista ja eturauhassyövän epidemiologiasta.$$9FENNI<KEEP>
015324878 650 7 L $$aantigeenit$$2ysa$$9FENNI<KEEP>
015324878 650 7 L $$aeturauhassyöpä$$2ysa$$9FENNI<KEEP>
015324878 650 7 L $$aepidemiologia$$2ysa$$9FENNI<KEEP>
015324878 650 7 L $$akuolleisuus$$2ysa$$9FENNI<KEEP>
015324878 650 2 L $$aProstatic Neoplasms$$xepidemiology
015324878 650 2 L $$aProstatic Neoplasms$$xmortality
015324878 650 2 L $$aProstatic Neoplasms$$xblood
015324878 650 2 L $$aProstate-Specific Antigen.
015324878 650 2 L $$aProstate-Specific Antigen$$xblood
015324878 650 2 L $$aNeoplasm Recurrence, Local$$xblood
015324878 650 2 L $$aRisk Factors.
015324878 650 2 L $$aProstate$$xpathology
015324878 650 2 L $$aProstate$$xsurgery
015324878 650 2 L $$aDisease-Free Survival.
015324878 655 7 L $$aväitöskirjat: TY: LÄÄK: kirurgia$$2local$$5FI-T
015324878 655 7 L $$aväitöskirjat: lääketiede: Turku: 2017$$2local$$5FI-T
015324878 77608 L $$iVerkkoaineisto (PDF):$$z978-951-29-7032-2$$9FENNI<KEEP>
015324878 830 0 L $$aTurun yliopiston julkaisuja.$$nSarja D,$$pMedica. Odontologica,$$x0355-9483.$$vosa 1321.
015324878 85641 L $$uhttp://urn.fi/URN:ISBN:978-951-29-7032-2$$yLinkki verkkoaineistoon
015324878 CAT L $$aTK4096$$b30$$c20190201$$lFIN01$$h1002
015324878 CAT L $$aFENNI40010$$b30$$c20190204$$lFIN01$$h1619
015324878 CAT L $$aTK4034$$b30$$c20190205$$lFIN01$$h1308
015324878 CAT L $$aFENNI40032$$b30$$c20190212$$lFIN01$$h1036
015324878 CAT L $$aFENNI40032$$b30$$c20190212$$lFIN01$$h1037
015324878 CAT L $$aTK4017$$b30$$c20190221$$lFIN01$$h1602
015324878 901 L $$aMU20190212$$5FENNI
015324878 LOW L $$aVOLTE
015324878 LOW L $$aFENNI
