015324894 FMT L BK
015324894 LDR L 00000cam^a2200289^i^4500
015324894 001 L 015324894
015324894 005 L 20190212095511.0
015324894 008 L 190201s2017^^^^fi^||||^|m^^^^|0|^0|eng|^
015324894 020 L $$a978-951-29-7037-7$$qnidottu
015324894 040 L $$aFI-T$$bfin$$erda$$dFI-NL
015324894 0410 L $$aeng$$bfin
015324894 042 L $$afinb
015324894 060 4 L $$aWH 155
015324894 0801 L $$a612$$21974/fin/fennica$$9FENNI<KEEP>
015324894 1001 L $$aTakala, Timo,$$d1973-$$0(FIN11)000154210$$ekirjoittaja.
015324894 24510 L $$aSoluble transferrin receptor :$$brole in detection of iron deficiency /$$cTimo Takala.
015324894 264 1 L $$aTurku :$$bTurun yliopisto,$$c2017.
015324894 264 3 L $$aTurku, Finland :$$bPainosalama Oy
015324894 300 L $$a101 sivua :$$bkuvitettu ;$$c25 cm
015324894 336 L $$ateksti$$btxt$$2rdacontent
015324894 337 L $$akäytettävissä ilman laitetta$$bn$$2rdamedia
015324894 338 L $$anide$$bnc$$2rdacarrier
015324894 4901 L $$aTurun yliopiston julkaisuja. Sarja D. Medica-Odontologica,$$x0355-9483 ;$$vosa 1322
015324894 500 L $$aArtikkeliväitöskirjan yhteenveto-osa ja 4 eripainosta.$$9FENNI<KEEP>
015324894 502 L $$aVäitöskirja :$$cTurun yliopisto,$$d2017.$$9FENNI<KEEP>
015324894 520 L $$aLiukoinen transferriinireseptori - rooli raudanpuutteen toteamisessa.$$9FENNI<KEEP>
015324894 650 7 L $$arauta$$2ysa$$9FENNI<KEEP>
015324894 650 7 L $$apuutostilat$$2ysa$$9FENNI<KEEP>
015324894 650 7 L $$adiagnostiikka$$2ysa$$9FENNI<KEEP>
015324894 650 2 L $$aAnemia, Iron-Deficiency$$xdiagnosis
015324894 650 2 L $$aIron$$xdeficiency
015324894 650 2 L $$aReceptors, Transferrin$$xblood
015324894 650 2 L $$aErythropoiesis.
015324894 655 7 L $$aväitöskirjat: TY: LÄÄK: kliininen kemia$$2local$$5FI-T
015324894 655 7 L $$aväitöskirjat: lääketiede: Turku: 2017$$2local$$5FI-T
015324894 77608 L $$iVerkkoaineisto (PDF):$$z978-951-29-7038-4$$9FENNI<KEEP>
015324894 830 0 L $$aTurun yliopiston julkaisuja.$$nSarja D,$$pMedica. Odontologica,$$x0355-9483.$$vosa 1322.
015324894 85641 L $$uhttp://urn.fi/URN:ISBN:978-951-29-7038-4$$yLinkki verkkoaineistoon
015324894 CAT L $$aTK4096$$b30$$c20190201$$lFIN01$$h1012
015324894 CAT L $$aFENNI40010$$b30$$c20190204$$lFIN01$$h1626
015324894 CAT L $$aTK4034$$b30$$c20190205$$lFIN01$$h1322
015324894 CAT L $$aFENNI40032$$b30$$c20190212$$lFIN01$$h0955
015324894 901 L $$aMU20190212$$5FENNI
015324894 LOW L $$aVOLTE
015324894 LOW L $$aFENNI
