015331575 FMT L BK
015331575 LDR L 00000cam^a22003855i^4500
015331575 001 L 015331575
015331575 005 L 20190205134321.0
015331575 008 L 190205s2018^^^^fi^||||^^m^^^^|0|^0|eng|^
015331575 015 L $$af20190326$$qnidottu$$2skl
015331575 040 L $$aFI-NL$$bfin$$erda
015331575 0410 L $$aeng
015331575 042 L $$afinb
015331575 1001 L $$aKamran, Sohail,$$ekirjoittaja.
015331575 24514 L $$aThe marketplace vulnerability of low-income unbanked consumers :$$ba developing country perspective /$$cSohail Kamran.
015331575 264 1 L $$aJyväskylä :$$bJyväskylän yliopisto,$$c2018.
015331575 300 L $$a106 sivua, 80 sivua useina numerointijaksoina :$$bkuvitettu ;$$c25 cm
015331575 336 L $$ateksti$$btxt$$2rdacontent
015331575 337 L $$akäytettävissä ilman laitetta$$bn$$2rdamedia
015331575 338 L $$anide$$bnc$$2rdacarrier
015331575 500 L $$aArtikkeliväitöskirjan yhteenveto-osa ja neljä eripainosta.$$9FENNI<KEEP>
015331575 500 L $$aOikea kustantaja Sohail Kamran.$$9FENNI<KEEP>
015331575 500 L $$aJulkaisussa virheellisesti sarjamerkintö: JYU Dissertations 3 ja ISSN-tunnus 2489-9003.$$9FENNI<KEEP>
015331575 502 L $$aVäitöskirja :$$cJyväskylän yliopiston kauppakorkeakoulu, markkinointi,$$d2018.$$9FENNI<KEEP>
015331575 583 L $$aSAATU 2 KPL$$5FENNI
015331575 7102 L $$aJyväskylän yliopiston kauppakorkeakoulu.$$0(FIN11)000029642
015331575 77608 L $$iVerkkoaineisto (PDF):$$z978-951-39-7510-4$$9FENNI<KEEP>
015331575 85641 L $$uhttp://urn.fi/URN:ISBN:978-951-39-7510-4$$yLinkki verkkoaineistoon
015331575 CAT L $$aFENNI40010$$b30$$c20190205$$lFIN01$$h1330
015331575 CAT L $$aFENNI40010$$b30$$c20190205$$lFIN01$$h1333
015331575 CAT L $$aFENNI1004$$b30$$c20190205$$lFIN01$$h1343
015331575 901 L $$aMU2019$$5FENNI
015331575 LOW L $$aFENNI
